@thesis{graph,
  author = {Андрей Сергеевич Морковкин},
  title = {Инструментальная среда искусственного интеллекта и граф вычислений},
  type = {Выпускная квалификационная работа бакалавра},
  year = {2020},
  language = {russian},
  school = {Национальный исследовательский Нижегородский государственный университет им. Н.И. Лобачевского},
  city = {Нижний Новгород}
}
