@manual {opencl3,
  author = {{Khronos OpenCL Working Group}},
  title = {The OpenCL Specification Version 3.0.1-Provisional},
  year = 2020,
  month = 4
}
